/home/kjoyce/2014_fall/edge_psf_reconstruction/bibliography/edge_spread.bib