/home/kjoyce/2016_spring/edge_psf_reconstruction/bibliography/edge_spread.bib