@article{bardsley2012mcmc,
  title={{MCMC}-based Image Reconstruction with Uncertainty Quantification},
  author={Bardsley, Johnathan M},
  journal={SIAM Journal on Scientific Computing},
  volume={34},
  number={3},
  pages={A1316--A1332},
  year={2012},
  publisher={SIAM}
} 
@article{agapiou2014analysis,
  title={Analysis of the {G}ibbs sampler for hierarchical inverse problems},
  author={Agapiou, Sergios and Bardsley, Johnathan M and Papaspiliopoulos, Omiros and Stuart, Andrew M},
  journal={SIAM/ASA Journal on Uncertainty Quantification},
  volume={2},
  number={1},
  pages={511--544},
  year={2014},
  publisher={Society for Industrial and Applied Mathematics}
}
@book{calvetti2007introduction,
  title={An Introduction to {B}ayesian Scientific Computing: Ten Lectures on Subjective Computing},
  author={Calvetti, Daniela and Somersalo, Erkki},
  volume={2},
  year={2007},
  publisher={Springer Science \& Business Media}
}
@article{calvetti2008hypermodels,
  title={Hypermodels in the {B}ayesian imaging framework},
  author={Calveti, Daniela and Somersalo, Erkki},
  journal={Inverse Problems},
  volume={24}, 
  number={3},
  pages={034013},
  year={208},
  publisher={IOP Publishing}
}
@article{sokal1989monte,
  title={{M}onte {C}arlo methods in statistical mechanics},
  author={Sokal, Alan D},
  year={1989},
  publisher={EPFL. Lausanne}
}
@incollection{green1992metropolis,
  title={Metropolis methods, Gaussian proposals and antithetic variables},
  author={Green, Peter J and Han, Xiao-liang},
  booktitle={Stochastic Models, Statistical methods, and Algorithms in Image Analysis},
  pages={142--164},
  year={1992},
  publisher={Springer}
}
@article{stuart13bayesian,
  title={The {B}ayesian approach to inverse problems},
  author={Stuart, Andrew M},
  journal={arXiv preprint arXiv:1302.6989v1},
  year={2013}
}
